<record><leader>00000cas a22000007a 4500</leader><controlfield tag="001">12484586</controlfield><controlfield tag="008">850903d19uu19uuinuwr ne      0    0eng d</controlfield><datafield ind1=" " ind2=" " tag="010"><subfield code="a">sn 85048053 </subfield></datafield><datafield ind1=" " ind2=" " tag="040"><subfield code="a">NPI</subfield><subfield code="b">eng</subfield><subfield code="c">NPI</subfield><subfield code="d">OCLCQ</subfield><subfield code="d">IUL</subfield><subfield code="d">OCLCF</subfield></datafield><datafield ind1=" " ind2=" " tag="042"><subfield code="a">msc</subfield></datafield><datafield ind1=" " ind2=" " tag="043"><subfield code="a">n-us-in</subfield></datafield><datafield ind1="0" ind2=" " tag="130"><subfield code="a">Madison weekly herald (Madison, Ind. : 1940)</subfield></datafield><datafield ind1="1" ind2="4" tag="245"><subfield code="a">The Madison weekly herald.</subfield></datafield><datafield ind1=" " ind2=" " tag="260"><subfield code="a">Madison, Ind. :</subfield><subfield code="b">Herald Co.</subfield></datafield><datafield ind1=" " ind2=" " tag="300"><subfield code="a">v. :</subfield><subfield code="b">ill. ;</subfield><subfield code="c">57 cm.</subfield></datafield><datafield ind1=" " ind2=" " tag="310"><subfield code="a">Weekly</subfield></datafield><datafield ind1=" " ind2=" " tag="500"><subfield code="a">Democratic Cf. Miller, John W. Indiana newspaper bibliog.</subfield></datafield><datafield ind1=" " ind2=" " tag="580"><subfield code="a">Published also in a daily edition: Madison daily herald.</subfield></datafield><datafield ind1=" " ind2=" " tag="588"><subfield code="a">Description based on: Vol. 70, no. 9 (June 13, 1940).</subfield></datafield><datafield ind1=" " ind2="0" tag="651"><subfield code="a">Madison (Ind.)</subfield><subfield code="v">Newspapers.</subfield></datafield><datafield ind1=" " ind2="0" tag="651"><subfield code="a">Jefferson County (Ind.)</subfield><subfield code="v">Newspapers.</subfield></datafield><datafield ind1=" " ind2="7" tag="651"><subfield code="a">Indiana</subfield><subfield code="z">Jefferson County.</subfield><subfield code="2">fast</subfield><subfield code="0">(OCoLC)fst01232953</subfield></datafield><datafield ind1=" " ind2="7" tag="651"><subfield code="a">Indiana</subfield><subfield code="z">Madison.</subfield><subfield code="2">fast</subfield><subfield code="0">(OCoLC)fst01237191</subfield></datafield><datafield ind1=" " ind2="7" tag="655"><subfield code="a">Newspapers.</subfield><subfield code="2">fast</subfield><subfield code="0">(OCoLC)fst01423814</subfield></datafield><datafield ind1=" " ind2=" " tag="752"><subfield code="a">United States</subfield><subfield code="b">Indiana</subfield><subfield code="c">Jefferson</subfield><subfield code="d">Madison.</subfield></datafield><datafield ind1="1" ind2=" " tag="775"><subfield code="t">Madison daily herald (Madison, Ind. : 1893)</subfield><subfield code="w">(DLC)sn 85048057</subfield><subfield code="w">(OCoLC)12485396</subfield></datafield><datafield ind1="0" ind2="0" tag="780"><subfield code="t">Weekly herald (Madison, Ind. : 1889)</subfield><subfield code="w">(DLC)sn 85048052</subfield><subfield code="w">(OCoLC)12484507</subfield></datafield><datafield ind1="0" ind2="0" tag="785"><subfield code="t">Weekly herald (Madison, Ind. : 1974)</subfield><subfield code="w">(DLC)sn 85048054</subfield><subfield code="w">(OCoLC)12485082</subfield></datafield></record>